@misc{radford2022robust,
  title={Robust Speech Recognition via Large-Scale Weak Supervision}, 
  author={Alec Radford and Jong Wook Kim and Tao Xu and Greg Brockman and Christine McLeavey and Ilya Sutskever},
  year={2022},
  eprint={2212.04356},
  archivePrefix={arXiv},
  primaryClass={eess.AS}
}
@inproceedings{bangalore2012real,
  title={Real-time incremental speech-to-speech translation of dialogs},
  author={Bangalore, Srinivas and Sridhar, Vivek Kumar Rangarajan and Kolan, Prakash and Golipour, Ladan and Jimenez, Aura},
  booktitle={Proceedings of the 2012 Conference of the North American Chapter of the Association for Computational Linguistics: Human Language Technologies},
  pages={437--445},
  year={2012}
}
